@misc{mb_survey,
  doi = {10.48550/ARXIV.2006.16712},
  
  url = {https://arxiv.org/abs/2006.16712},
  
  author = {Moerland, Thomas M. and Broekens, Joost and Plaat, Aske and Jonker, Catholijn M.},
  
  keywords = {Machine Learning (cs.LG), Artificial Intelligence (cs.AI), Machine Learning (stat.ML), FOS: Computer and information sciences, FOS: Computer and information sciences},
  
  title = {Model-based Reinforcement Learning: A Survey},
  
  publisher = {arXiv},
  
  year = {2020},
  
  copyright = {arXiv.org perpetual, non-exclusive license}
}

@article{wm,
  doi = {10.5281/ZENODO.1207631},
  
  url = {https://zenodo.org/record/1207631},
  
  author = {Ha, David and Schmidhuber, JÃ¼rgen},
  
  title = {World Models},
  
  publisher = {Zenodo},
  
  year = {2018},
  
  copyright = {Creative Commons Attribution 4.0}
}

@article{brain_article,
author = {Quian, Rodrigo and Reddy, Leila and Kreiman, Gabriel and Koch, Christof and Fried, Itzhak},
year = {2005},
month = {07},
pages = {1102-7},
title = {Invariant Visual Representation by Single Neurons in the Human Brain},
volume = {435},
journal = {Nature},
doi = {10.1038/nature03687}
}

@INPROCEEDINGS{Atkeson97acomparison,
    author = {Christopher G. Atkeson and Juan Carlos Santamaria},
    title = {A Comparison of Direct and Model-Based Reinforcement Learning},
    booktitle = {IN INTERNATIONAL CONFERENCE ON ROBOTICS AND AUTOMATION},
    year = {1997},
    pages = {3557--3564},
    publisher = {IEEE Press}
}

@misc{simple,
  doi = {10.48550/ARXIV.1903.00374},
  
  url = {https://arxiv.org/abs/1903.00374},
  
  author = {Kaiser, Lukasz and Babaeizadeh, Mohammad and Milos, Piotr and Osinski, Blazej and Campbell, Roy H and Czechowski, Konrad and Erhan, Dumitru and Finn, Chelsea and Kozakowski, Piotr and Levine, Sergey and Mohiuddin, Afroz and Sepassi, Ryan and Tucker, George and Michalewski, Henryk},
  
  keywords = {Machine Learning (cs.LG), Machine Learning (stat.ML), FOS: Computer and information sciences, FOS: Computer and information sciences},
  
  title = {Model-Based Reinforcement Learning for Atari},
  
  publisher = {arXiv},
  
  year = {2019},
  
  copyright = {arXiv.org perpetual, non-exclusive license}
}

@misc{dreamerv2,
  doi = {10.48550/ARXIV.2010.02193},
  
  url = {https://arxiv.org/abs/2010.02193},
  
  author = {Hafner, Danijar and Lillicrap, Timothy and Norouzi, Mohammad and Ba, Jimmy},
  
  keywords = {Machine Learning (cs.LG), Artificial Intelligence (cs.AI), Machine Learning (stat.ML), FOS: Computer and information sciences, FOS: Computer and information sciences},
  year = {2021},
  title = {Mastering Atari with Discrete World Models},
}

@misc{planet,
  doi = {10.48550/ARXIV.1811.04551},
  
  url = {https://arxiv.org/abs/1811.04551},
  
  author = {Hafner, Danijar and Lillicrap, Timothy and Fischer, Ian and Villegas, Ruben and Ha, David and Lee, Honglak and Davidson, James},
  
  keywords = {Machine Learning (cs.LG), Artificial Intelligence (cs.AI), Machine Learning (stat.ML), FOS: Computer and information sciences, FOS: Computer and information sciences},
  
  title = {Learning Latent Dynamics for Planning from Pixels},
  
  publisher = {arXiv},
  
  year = {2018},
  
  copyright = {arXiv.org perpetual, non-exclusive license}
}

@misc{dreamerv1,
  doi = {10.48550/ARXIV.1912.01603},
  
  url = {https://arxiv.org/abs/1912.01603},
  
  author = {Hafner, Danijar and Lillicrap, Timothy and Ba, Jimmy and Norouzi, Mohammad},
  
  keywords = {Machine Learning (cs.LG), Artificial Intelligence (cs.AI), Robotics (cs.RO), FOS: Computer and information sciences, FOS: Computer and information sciences},
  
  title = {Dream to Control: Learning Behaviors by Latent Imagination},
  
  publisher = {arXiv},
  
  year = {2019},
  
  copyright = {arXiv.org perpetual, non-exclusive license}
}

@misc{transformers,
  doi = {10.48550/ARXIV.1706.03762},
  
  url = {https://arxiv.org/abs/1706.03762},
  
  author = {Vaswani, Ashish and Shazeer, Noam and Parmar, Niki and Uszkoreit, Jakob and Jones, Llion and Gomez, Aidan N. and Kaiser, Lukasz and Polosukhin, Illia},
  
  keywords = {Computation and Language (cs.CL), Machine Learning (cs.LG), FOS: Computer and information sciences, FOS: Computer and information sciences},
  
  title = {Attention Is All You Need},
  
  publisher = {arXiv},
  
  year = {2017},
  
  copyright = {arXiv.org perpetual, non-exclusive license}
}

@misc{gym_minigrid,
  author = {Chevalier-Boisvert, Maxime and Willems, Lucas and Pal, Suman},
  title = {Minimalistic Gridworld Environment for OpenAI Gym},
  year = {2018},
  publisher = {GitHub},
  journal = {GitHub repository},
  howpublished = {\url{https://github.com/maximecb/gym-minigrid}},
}